
  <record format="MARC21" type="Bibliographic">
    <leader>01246nam  2200373 a 4500</leader>
    <controlfield tag="001">ocn125170297</controlfield>
    <controlfield tag="003">OCoLC</controlfield>
    <controlfield tag="005">20070605101501.0</controlfield>
    <controlfield tag="008">060919s2006    cc a          000 0 chi  </controlfield>
    <datafield ind2=" " ind1=" " tag="040">
      <subfield code="a">CaOTRM</subfield>
      <subfield code="b">eng</subfield>
      <subfield code="c">RON</subfield>
    </datafield>
    <datafield ind2=" " ind1=" " tag="066">
      <subfield code="c">$1</subfield>
    </datafield>
    <datafield ind2=" " ind1=" " tag="020">
      <subfield code="a">750101843X</subfield>
    </datafield>
    <datafield ind2=" " ind1=" " tag="020">
      <subfield code="a">9787501018437</subfield>
    </datafield>
    <datafield ind2=" " ind1=" " tag="035">
      <subfield code="a">(OCoLC)125170297</subfield>
    </datafield>
    <datafield ind2=" " ind1=" " tag="035">
      <subfield code="a">(CStRLIN)ONRO06-B481</subfield>
    </datafield>
    <datafield ind2="4" ind1=" " tag="050">
      <subfield code="a">NK1483.A1</subfield>
      <subfield code="b">J56 2006</subfield>
    </datafield>
    <datafield ind2=" " ind1=" " tag="079">
      <subfield code="a">ocm71289809</subfield>
    </datafield>
    <datafield ind2=" " ind1=" " tag="090">
      <subfield code="a">NK1483.A1</subfield>
      <subfield code="b">J56 2006</subfield>
    </datafield>
    <datafield ind2=" " ind1=" " tag="049">
      <subfield code="a">OCLC</subfield>
    </datafield>
    <datafield ind2=" " ind1="1" tag="100">
      <subfield code="6">880-01</subfield>
      <subfield code="a">Jin, Zhu</subfield>
    </datafield>
    <datafield ind2="0" ind1="1" tag="245">
      <subfield code="6">880-02</subfield>
      <subfield code="a">Fu Lu Shou Xi Da Guan/</subfield>
      <subfield code="c">Jin Zhu, Wang Zhijun Bian zhu.</subfield>
    </datafield>
    <datafield ind2=" " ind1=" " tag="260">
      <subfield code="6">880-03</subfield>
      <subfield code="a">Beijing :</subfield>
      <subfield code="b">Wen wu chu ban she,</subfield>
      <subfield code="c">2006</subfield>
    </datafield>
    <datafield ind2=" " ind1=" " tag="300">
      <subfield code="a">ii, 229p.</subfield>
      <subfield code="b">ill. ;</subfield>
      <subfield code="c">26cm.</subfield>
    </datafield>
    <datafield ind2="0" ind1=" " tag="650">
      <subfield code="a">Chinese language</subfield>
      <subfield code="x">Calligraphy study.</subfield>
    </datafield>
    <datafield ind2="0" ind1=" " tag="650">
      <subfield code="a">Chinese language</subfield>
      <subfield code="x">Writing</subfield>
      <subfield code="x">History</subfield>
    </datafield>
    <datafield ind2="0" ind1=" " tag="650">
      <subfield code="a">Festivals</subfield>
      <subfield code="z">China</subfield>
    </datafield>
    <datafield ind2="0" ind1=" " tag="651">
      <subfield code="a">China</subfield>
      <subfield code="x">Social life and custom</subfield>
    </datafield>
    <datafield ind2=" " ind1="1" tag="700">
      <subfield code="a">Wang, Zhijun.</subfield>
    </datafield>
    <datafield ind2=" " ind1="0" tag="852">
      <subfield code="a">CaOTRM</subfield>
      <subfield code="b">CaOTRMF</subfield>
      <subfield code="h">NK1483.A1</subfield>
      <subfield code="i">J56 2006</subfield>
      <subfield code="x">CIN=KMW; OID=KMW</subfield>
    </datafield>
    <datafield ind2=" " ind1="1" tag="880">
      <subfield code="6">100-01/$1</subfield>
    </datafield>
    <datafield ind2="0" ind1="1" tag="880">
      <subfield code="6">245-02/$1</subfield>
      <subfield code="a">福禄寿喜大观/</subfield>
      <subfield code="c">金铢，王志军编著.</subfield>
    </datafield>
    <datafield ind2=" " ind1=" " tag="880">
      <subfield code="6">260-03/$1</subfield>
      <subfield code="a">北京 :</subfield>
      <subfield code="b">文物出版社,</subfield>
      <subfield code="c">2006</subfield>
    </datafield>
    <datafield ind2=" " ind1=" " tag="906">
      <subfield code="a">NK1483 .A1 J56 2006</subfield>
      <subfield code="i">31761066877267</subfield>
      <subfield code="m">ROM</subfield>
      <subfield code="l">ROMFAREAST</subfield>
      <subfield code="t">BOOK</subfield>
    </datafield>
    <datafield ind2=" " ind1=" " tag="994">
      <subfield code="a">C0</subfield>
      <subfield code="b">OCL</subfield>
    </datafield>
  </record>
</collection>